<?xml version="1.0" encoding="UTF-8" ?>
<collection xmlns:xsi="http://www.w3.org/2001/XMLSchema-instance" xsi:schemaLocation="http://www.loc.gov/MARC21/slim http://www.loc.gov/standards/marcxml/schema/MARC21slim.xsd" xmlns="http://www.loc.gov/MARC21/slim">
   <record>
      <leader>     cam a22     1i 4500</leader>
      <controlfield tag="001">2884249</controlfield>
      <controlfield tag="003">NIC</controlfield>
      <controlfield tag="005">20140811232247.0</controlfield>
      <controlfield tag="008">960131s1953    ua            ||| | ara u</controlfield>
      <datafield tag="010" ind1=" " ind2=" ">
         <subfield code="a">   65002646 </subfield>
      </datafield>
      <datafield tag="035" ind1=" " ind2=" ">
         <subfield code="a">(CStRLIN)NYCXRLA79183B</subfield>
      </datafield>
      <datafield tag="035" ind1=" " ind2=" ">
         <subfield code="a">(NIC)notisAPD5380</subfield>
      </datafield>
      <datafield tag="035" ind1=" " ind2=" ">
         <subfield code="a">(OCoLC)64681245</subfield>
      </datafield>
      <datafield tag="035" ind1=" " ind2=" ">
         <subfield code="a">2884249</subfield>
      </datafield>
      <datafield tag="040" ind1=" " ind2=" ">
         <subfield code="c">UPRA</subfield>
      </datafield>
      <datafield tag="050" ind1=" " ind2="4">
         <subfield code="a">KRM1771</subfield>
         <subfield code="b">.B28 1953</subfield>
      </datafield>
      <datafield tag="100" ind1="1" ind2=" ">
         <subfield code="a">Barsūm, Sulaymān Tādrus.</subfield>
      </datafield>
      <datafield tag="245" ind1="1" ind2="0">
         <subfield code="a">Ijrāʾāt al-ithbāt fī qānūn al-murafaʻāt /</subfield>
         <subfield code="c">taʾlīf Sulaymān Tādrus Barsūm.</subfield>
      </datafield>
      <datafield tag="260" ind1=" " ind2=" ">
         <subfield code="a">al-Iskandarīyah :</subfield>
         <subfield code="b">al-Dār al-Miṣrīyah lil-Ṭibāʻah wa-al-Nashr,</subfield>
         <subfield code="c">1953.</subfield>
      </datafield>
      <datafield tag="300" ind1=" " ind2=" ">
         <subfield code="a">242 p. ;</subfield>
         <subfield code="c">24 cm.</subfield>
      </datafield>
      <datafield tag="504" ind1=" " ind2=" ">
         <subfield code="a">Bibliographical footnotes.</subfield>
      </datafield>
      <datafield tag="650" ind1=" " ind2="0">
         <subfield code="a">Evidence (Law)</subfield>
         <subfield code="z">Egypt.</subfield>
      </datafield>
      <datafield tag="650" ind1=" " ind2="0">
         <subfield code="a">Civil procedure</subfield>
         <subfield code="z">Egypt.</subfield>
      </datafield>
      <datafield tag="650" ind1=" " ind2="0">
         <subfield code="a">Evidence</subfield>
         <subfield code="z">Egypt.</subfield>
      </datafield>
      <datafield tag="905" ind1=" " ind2=" ">
         <subfield code="a">19980710120000.0</subfield>
      </datafield>
      <datafield tag="950" ind1=" " ind2=" ">
         <subfield code="l">LAFO</subfield>
         <subfield code="a">KG726</subfield>
         <subfield code="b">.B28</subfield>
      </datafield>
      <datafield tag="903" ind1=" " ind2=" ">
         <subfield code="a">NYUACO</subfield>
         <subfield code="d">20141028</subfield>
         <subfield code="p">31924025054267</subfield>
      </datafield>
      <datafield tag="950" ind1=" " ind2=" ">
         <subfield code="a">KRM1771</subfield>
         <subfield code="b">.B28 1953</subfield>
         <subfield code="v"> </subfield>
      </datafield>
   </record>
</collection>
